</marc:record>
    <marc:record>
        <marc:leader>03785cam a2200553 a 4500</marc:leader>
        <marc:controlfield tag="001">341458</marc:controlfield>
        <marc:controlfield tag="005">20130228154349.0</marc:controlfield>
        <marc:controlfield tag="008">860115s1773    enk           00000 eng d</marc:controlfield>
        <marc:datafield ind1=" " ind2=" " tag="035">
            <marc:subfield code="a">(PUVoyagerBIBID)199963</marc:subfield></marc:datafield>
        <marc:datafield ind1=" " ind2=" " tag="035">
            <marc:subfield code="a">(CStRLIN)PAUG86-B1635</marc:subfield>
        </marc:datafield>
        <marc:datafield ind1=" " ind2=" " tag="035">
            <marc:subfield code="a">(CaOTULAS)121277592</marc:subfield>
        </marc:datafield>
        <marc:datafield ind1=" " ind2=" " tag="035">
            <marc:subfield code="9">ABC4930</marc:subfield>
        </marc:datafield>
        <marc:datafield ind1=" " ind2=" " tag="035">
            <marc:subfield code="a">(MediadbVoyBIBID)341458</marc:subfield>
        </marc:datafield>
        <marc:datafield ind1=" " ind2=" " tag="035">
            <marc:subfield code="a">(END)sm_pr3291_a7_l8_1773</marc:subfield>
        </marc:datafield>
        <marc:datafield ind1=" " ind2=" " tag="040">
            <marc:subfield code="a">PU</marc:subfield>
            <marc:subfield code="c">PU</marc:subfield>
        </marc:datafield>
        <marc:datafield ind1=" " ind2=" " tag="090">
            <marc:subfield code="a">PR3291.A7</marc:subfield>
            <marc:subfield code="b">L8 1773</marc:subfield>
            <marc:subfield code="i">01/15/86 CT</marc:subfield>
        </marc:datafield>
        <marc:datafield ind1="0" ind2=" " tag="100">
            <marc:subfield code="a">Author of Lucinda Courtney.</marc:subfield>
        </marc:datafield>
        <marc:datafield ind1="1" ind2="4" tag="245">
            <marc:subfield code="a">The history of Miss Lucinda Courtney :</marc:subfield>
            <marc:subfield code="b">in a series of original letters written by herself to her friend, Miss Constantia Bellmour : in three volumes.</marc:subfield>
        </marc:datafield>
        <marc:datafield ind1=" " ind2=" " tag="246">
            <marc:subfield code="a">The history of Miss Lucinda Courtney; in a series of letters; written by herself, to her friend Miss Constantia Bellmour. A new edition. In three volumes. Vol. I.</marc:subfield>
            <marc:subfield code="d">Letter-press</marc:subfield>
            <marc:subfield code="g">Full</marc:subfield>
            <marc:subfield code="x">Volume</marc:subfield>
            <marc:subfield code="v">v.1</marc:subfield>
        </marc:datafield>
        <marc:datafield ind1=" " ind2=" " tag="246">
            <marc:subfield code="a">The history of Miss Lucinda Courtney; in a series of letters; written by herself, to her friend Miss Constantia Bellmour. A new edition. In three volumes. Vol. II.</marc:subfield>
            <marc:subfield code="d">Letter-press</marc:subfield>
            <marc:subfield code="g">Full</marc:subfield>
            <marc:subfield code="x">Volume</marc:subfield>
            <marc:subfield code="v">v.2</marc:subfield>
        </marc:datafield>
        <marc:datafield ind1=" " ind2=" " tag="246">
            <marc:subfield code="a">The history of Miss Lucinda Courtney; in a series of letters; written by herself, to her friend Miss Constantia Bellmour. A new edition. In three volumes.</marc:subfield>
            <marc:subfield code="d">Letter-press</marc:subfield>
            <marc:subfield code="g">Full</marc:subfield>
            <marc:subfield code="x">Volume</marc:subfield>
            <marc:subfield code="v">v.3</marc:subfield>
        </marc:datafield>
        <marc:datafield ind1="0" ind2="7" tag="246">
            <marc:subfield code="a">The history of Miss Lucinda Courtney.</marc:subfield>
            <marc:subfield code="v">v.1</marc:subfield>
            <marc:subfield code="v">v.2</marc:subfield>
            <marc:subfield code="v">v.3</marc:subfield>
        </marc:datafield>
        <marc:datafield ind1=" " ind2=" " tag="250">
            <marc:subfield code="a">A new edition.</marc:subfield>
        </marc:datafield>
        <marc:datafield ind1=" " ind2=" " tag="260">
            <marc:subfield code="a">London :</marc:subfield>
            <marc:subfield code="b">Printed for F. and J. Noble, at their respective circulating libraries, near Middle Row, Holborn, and Saint Martin\'s Court, near Leicester Square.</marc:subfield>
            <marc:subfield code="c">MDCCLXXIII.</marc:subfield>
            <marc:subfield code="v">v.1</marc:subfield>
            <marc:subfield code="v">v.2</marc:subfield>
            <marc:subfield code="v">v.3</marc:subfield>
        </marc:datafield>
        <marc:datafield ind1=" " ind2=" " tag="300">
            <marc:subfield code="a">3 v. ;</marc:subfield>
            <marc:subfield code="c">17 cm. (12mo)</marc:subfield>
            <marc:subfield code="x">Duodecimo</marc:subfield>
            <marc:subfield code="z">In three volumes.</marc:subfield>
            <marc:subfield code="a">[3 v.]</marc:subfield>
        </marc:datafield>
        <marc:datafield ind1=" " ind2=" " tag="500">
            <marc:subfield code="a">Advertisements: v. 3, [7] p. at end.</marc:subfield>
        </marc:datafield>
        <marc:datafield ind1="4" ind2=" " tag="510">
            <marc:subfield code="a">ESTC (RLIN)</marc:subfield>
            <marc:subfield code="c">N7332</marc:subfield>
        </marc:datafield>
        <marc:datafield ind1=" " ind2=" " tag="520">
            <marc:subfield code="a">Introduction</marc:subfield>
            <marc:subfield code="b">Introduction. To Lady L--</marc:subfield>
            <marc:subfield code="c">Front</marc:subfield>
            <marc:subfield code="v">v.1</marc:subfield>
            <marc:subfield code="x">The primary purpose of the introductory letter to Lady L-- is &quot;&quot;to give...a short sketch of&quot;&quot; the following letters\' &quot;&quot;amiable writer&quot;&quot; (p.3).  Introduction mentions Miss Courtney &quot;&quot;reading more than is usual&quot;&quot; (p.8).&quot;</marc:subfield>
        </marc:datafield>
        <marc:datafield ind1=" " ind2=" " tag="592">
            <marc:subfield code="a">Epistolary</marc:subfield>
            <marc:subfield code="c">Songs</marc:subfield>
            <marc:subfield code="c">Poems</marc:subfield>
            <marc:subfield code="x">Some letters resemble journal entries, with only a day or time written at the top.</marc:subfield>
        </marc:datafield>
        <marc:datafield ind1=" " ind2=" " tag="595">
            <marc:subfield code="a">Pencil</marc:subfield>
            <marc:subfield code="b">Editorial markings</marc:subfield>
            <marc:subfield code="v">v.3</marc:subfield>
            <marc:subfield code="x">Check marks next to certain titles in the advertisement at the back of volume three</marc:subfield>
        </marc:datafield>
        <marc:datafield ind1=" " ind2=" " tag="599">
            <marc:subfield code="a"/>
            <marc:subfield code="a">Author (text)</marc:subfield>
            <marc:subfield code="b">Proper name</marc:subfield>
            <marc:subfield code="2">The history of Miss Lucinda Courtney; in a series of letters, written by herself (title page)</marc:subfield>
            <marc:subfield code="2">It will be necessary to give you a short sketch of their amiable writer. Miss Courtney, then, is the only daughter... (introduction)</marc:subfield>
            <marc:subfield code="3">Title Page</marc:subfield>
            <marc:subfield code="3">Introduction</marc:subfield>
            <marc:subfield code="5">Female</marc:subfield>
            <marc:subfield code="6">Unknown</marc:subfield>
        </marc:datafield>
        <marc:datafield ind1=" " ind2=" " tag="599">
            <marc:subfield code="a">Author (paratext)</marc:subfield>
            <marc:subfield code="b">Proper name</marc:subfield>
            <marc:subfield code="2">I am, with great respect and esteem, your ladyship\'s most obedient servant, Constantia Bellmour.</marc:subfield>
            <marc:subfield code="3">Introduction</marc:subfield>
            <marc:subfield code="5">Female</marc:subfield>
            <marc:subfield code="6">Unknown</marc:subfield>
        </marc:datafield>
        <marc:datafield ind1=" " ind2="4" tag="650">
            <marc:subfield code="a">CHR 1773</marc:subfield>
        </marc:datafield>
        <marc:datafield ind1=" " ind2="7" tag="655">
            <marc:subfield code="a">Booksellers\' advertisements</marc:subfield>
            <marc:subfield code="z">England</marc:subfield>
            <marc:subfield code="y">18th century.</marc:subfield>
            <marc:subfield code="2">rbgenr</marc:subfield>
        </marc:datafield>
        <marc:datafield ind1=" " ind2=" " tag="656">
            <marc:subfield code="a">Mixed Genre</marc:subfield>
            <marc:subfield code="b">Back</marc:subfield>
            <marc:subfield code="c">Same publisher</marc:subfield>
            <marc:subfield code="v">v.3</marc:subfield>
            <marc:subfield code="x">Most are novels</marc:subfield>
        </marc:datafield>
        <marc:datafield ind1=" " ind2=" " tag="700">
            <marc:subfield code="a">Noble, Francis</marc:subfield>
            <marc:subfield code="d">d. 1792</marc:subfield>
            <marc:subfield code="4">Printed for</marc:subfield>
            <marc:subfield code="5">Authorized</marc:subfield>
        </marc:datafield>
        <marc:datafield ind1=" " ind2=" " tag="700">
            <marc:subfield code="a">Noble, John Applebe</marc:subfield>
            <marc:subfield code="4">Printed for</marc:subfield>
            <marc:subfield code="5">Authorized</marc:subfield>
        </marc:datafield>
        <marc:datafield ind1=" " ind2=" " tag="710">
            <marc:subfield code="a">F. and J. Noble (London, England)</marc:subfield>
            <marc:subfield code="4">Printed for</marc:subfield>
            <marc:subfield code="5">Authorized</marc:subfield>
        </marc:datafield>
        <marc:datafield ind1="2" ind2=" " tag="710">
            <marc:subfield code="a">Collection of British and American Fiction, 1660-1830 (University of Pennsylvania)</marc:subfield>
        </marc:datafield>
        <marc:datafield ind1="2" ind2=" " tag="710">
            <marc:subfield code="a">Early Novels</marc:subfield>
            <marc:subfield code="5">University of Pennsylvania</marc:subfield>
        </marc:datafield>
        <marc:datafield ind1="0" ind2=" " tag="740">
            <marc:subfield code="a">Lucinda Courtney.</marc:subfield>
        </marc:datafield>
        <marc:datafield ind1=" " ind2=" " tag="752">
            <marc:subfield code="a">England</marc:subfield>
            <marc:subfield code="d">London.</marc:subfield>
        </marc:datafield>
        <marc:datafield ind1="0" ind2="1" tag="852">
            <marc:subfield code="b">scsing</marc:subfield>
            <marc:subfield code="t">1</marc:subfield>
            <marc:subfield code="h">PR3291.A7</marc:subfield>
            <marc:subfield code="i">L8 1773</marc:subfield>
        </marc:datafield>
        <marc:datafield ind1="3" ind2="0" tag="866">
            <marc:subfield code="8">0</marc:subfield>
            <marc:subfield code="a">3 v.</marc:subfield>
        </marc:datafield>
        <marc:datafield ind1="3" ind2="0" tag="866">
            <marc:subfield code="8">0</marc:subfield>
            <marc:subfield code="a">(v.1-3); id=9999</marc:subfield>
        </marc:datafield>
        <marc:datafield ind1=" " ind2=" " tag="950">
            <marc:subfield code="l">RBC</marc:subfield>
            <marc:subfield code="e">\\\\Singer-\\Menden-\\hall\\</marc:subfield>
            <marc:subfield code="v">3 v.</marc:subfield>
            <marc:subfield code="i">01/15/86 C</marc:subfield>
        </marc:datafield>
        <marc:datafield ind1=" " ind2=" " tag="955">
            <marc:subfield code="l">RBC</marc:subfield>
            <marc:subfield code="c">1:(v.1-3)</marc:subfield>
            <marc:subfield code="q">725049-51</marc:subfield>
            <marc:subfield code="s">Singer Mem.</marc:subfield>
            <marc:subfield code="i">01/15/86 C</marc:subfield>
        </marc:datafield>
        <marc:datafield ind1=" " ind2=" " tag="989">
            <marc:subfield code="2">History</marc:subfield>
            <marc:subfield code="2">Miss</marc:subfield>
            <marc:subfield code="2">Series</marc:subfield>
            <marc:subfield code="2">Letter</marc:subfield>
            <marc:subfield code="2">Herself</marc:subfield>
            <marc:subfield code="2">Friend</marc:subfield>
            <marc:subfield code="2">Edition</marc:subfield>
            <marc:subfield code="2">Volume</marc:subfield>
            <marc:subfield code="3">New</marc:subfield>
            <marc:subfield code="3">Three</marc:subfield>
            <marc:subfield code="5">Miss Lucinda Courtney</marc:subfield>
            <marc:subfield code="5">Miss Constantia Bellmour</marc:subfield>
            <marc:subfield code="6">Write</marc:subfield>
            <marc:subfield code="7">Letter</marc:subfield>
            <marc:subfield code="v">v.1</marc:subfield>
            <marc:subfield code="v">v.2</marc:subfield>
            <marc:subfield code="v">v.3</marc:subfield>
        </marc:datafield>
        <marc:datafield ind1=" " ind2=" " tag="999">
            <marc:subfield code="a">MJR</marc:subfield>
            <marc:subfield code="b">6/7/11</marc:subfield>
        </marc:datafield>
    </marc:record>